<record><leader>00000cas a2200000 a 4500</leader><controlfield tag="001">217276842</controlfield><controlfield tag="007">hd ||||||||||</controlfield><controlfield tag="008">080402c19709999idumr nea     |    0eng c</controlfield><datafield ind1=" " ind2=" " tag="010"><subfield code="a">  2008233427</subfield></datafield><datafield ind1=" " ind2=" " tag="040"><subfield code="a">GUA</subfield><subfield code="b">eng</subfield><subfield code="c">GUA</subfield><subfield code="d">GUA</subfield><subfield code="d">OCLCQ</subfield><subfield code="d">OCLCO</subfield><subfield code="d">OCLCF</subfield><subfield code="d">OCLCQ</subfield></datafield><datafield ind1=" " ind2=" " tag="042"><subfield code="a">pcc</subfield></datafield><datafield ind1=" " ind2=" " tag="043"><subfield code="a">n-us-id</subfield></datafield><datafield ind1=" " ind2="4" tag="050"><subfield code="a">AN58</subfield><subfield code="b">.C655</subfield></datafield><datafield ind1="0" ind2=" " tag="130"><subfield code="a">Sho-Ban news (Fort Hall, Idaho : 1970)</subfield></datafield><datafield ind1="1" ind2="0" tag="245"><subfield code="a">Sho-Ban news.</subfield></datafield><datafield ind1=" " ind2=" " tag="260"><subfield code="a">Fort Hall, Idaho :</subfield><subfield code="b">Shoshone-Bannock Tribes</subfield></datafield><datafield ind1=" " ind2=" " tag="300"><subfield code="a">volumes :</subfield><subfield code="b">illustrations</subfield></datafield><datafield ind1=" " ind2=" " tag="310"><subfield code="a">Monthly</subfield></datafield><datafield ind1=" " ind2=" " tag="336"><subfield code="a">text</subfield><subfield code="b">txt</subfield><subfield code="2">rdacontent</subfield></datafield><datafield ind1=" " ind2=" " tag="337"><subfield code="a">microform</subfield><subfield code="b">h</subfield><subfield code="2">rdamedia</subfield></datafield><datafield ind1=" " ind2=" " tag="338"><subfield code="a">microfilm reel</subfield><subfield code="b">hd</subfield><subfield code="2">rdacarrier</subfield></datafield><datafield ind1="1" ind2=" " tag="362"><subfield code="a">Began in 1970.</subfield><subfield code="z">Cf. Murphy, J.E. Let my people know.</subfield></datafield><datafield ind1=" " ind2=" " tag="500"><subfield code="a">Not published in Feb. 1971.</subfield></datafield><datafield ind1="4" ind2=" " tag="510"><subfield code="a">Danky, J.P. Native American periodicals and newspapers 1828-1982</subfield><subfield code="c">379-380</subfield></datafield><datafield ind1=" " ind2=" " tag="515"><subfield code="a">Suspended and later revived in 1976 with new numbering. Cf. Murphy, J.E. Let my people know.</subfield></datafield><datafield ind1=" " ind2=" " tag="530"><subfield code="a">Issued on microfilm by Bell and Howell.</subfield></datafield><datafield ind1=" " ind2=" " tag="550"><subfield code="a">Official publication of the Shoshone-Bannock Tribes of the Fort Hall Reservation.</subfield></datafield><datafield ind1=" " ind2=" " tag="588"><subfield code="a">Description based on: Vol. 1, no. 3 (Dec. 1970/Jan. 1971).</subfield></datafield><datafield ind1=" " ind2=" " tag="533"><subfield code="a">Microfilm.</subfield><subfield code="b">Wooster, Ohio :</subfield><subfield code="c">Micro Photo Division.</subfield><subfield code="e">1 microfilm reel ; 35 mm.</subfield><subfield code="m">1971.</subfield><subfield code="f">(Contemporary newspapers of the North American Indian ; reel 15).</subfield></datafield><datafield ind1=" " ind2=" " tag="539"><subfield code="a">u</subfield><subfield code="b">1971</subfield><subfield code="c">uuuu</subfield><subfield code="d">ohu</subfield><subfield code="e">u</subfield><subfield code="f">u</subfield><subfield code="g">a</subfield></datafield><datafield ind1="2" ind2="0" tag="610"><subfield code="a">Shoshone-Bannock Tribes</subfield><subfield code="v">Newspapers.</subfield></datafield><datafield ind1=" " ind2="0" tag="650"><subfield code="a">Indians of North America</subfield><subfield code="v">Newspapers.</subfield></datafield><datafield ind1=" " ind2="0" tag="651"><subfield code="a">Fort Hall (Idaho)</subfield><subfield code="v">Newspapers.</subfield></datafield><datafield ind1=" " ind2="0" tag="651"><subfield code="a">Bingham County (Idaho)</subfield><subfield code="v">Newspapers.</subfield></datafield><datafield ind1="2" ind2="7" tag="610"><subfield code="a">Shoshone-Bannock Tribes of the Fort Hall Reservation of Idaho.</subfield><subfield code="2">fast</subfield><subfield code="0">(OCoLC)fst01713327</subfield></datafield><datafield ind1=" " ind2="7" tag="650"><subfield code="a">Indians of North America.</subfield><subfield code="2">fast</subfield><subfield code="0">(OCoLC)fst00969633</subfield></datafield><datafield ind1=" " ind2="7" tag="651"><subfield code="a">Idaho</subfield><subfield code="z">Bingham County.</subfield><subfield code="2">fast</subfield><subfield code="0">(OCoLC)fst01217810</subfield></datafield><datafield ind1=" " ind2="7" tag="651"><subfield code="a">Idaho</subfield><subfield code="z">Fort Hall.</subfield><subfield code="2">fast</subfield><subfield code="0">(OCoLC)fst01871452</subfield></datafield><datafield ind1=" " ind2="7" tag="655"><subfield code="a">Newspapers.</subfield><subfield code="2">fast</subfield><subfield code="0">(OCoLC)fst01423814</subfield></datafield><datafield ind1=" " ind2="7" tag="655"><subfield code="a">Indian newspapers.</subfield><subfield code="2">ngl</subfield></datafield><datafield ind1="1" ind2=" " tag="710"><subfield code="a">Shoshone-Bannock Tribes of the Fort Hall Reservation of Idaho.</subfield></datafield><datafield ind1=" " ind2=" " tag="752"><subfield code="a">United States</subfield><subfield code="b">Idaho</subfield><subfield code="c">Bingham</subfield><subfield code="d">Fort Hall.</subfield></datafield><datafield ind1="1" ind2=" " tag="776"><subfield code="t">Sho-Ban news (Fort Hall, Idaho : 1970)</subfield><subfield code="w">(DLC)sn 86091256</subfield><subfield code="w">(OCoLC)13362243</subfield></datafield><datafield ind1="1" ind2="0" tag="785"><subfield code="t">Sho-Ban news (Fort Hall, Idaho : 1976)</subfield></datafield><datafield ind1=" " ind2="0" tag="830"><subfield code="a">Contemporary newspapers of the North American Indian ;</subfield><subfield code="v">reel 15.</subfield></datafield></record>